<record><leader>00000cas a22000007a 4500</leader><controlfield tag="001">19609992</controlfield><controlfield tag="008">890426d18691973mouwr ne      0    0eng d</controlfield><datafield ind1=" " ind2=" " tag="010"><subfield code="a">sn 89066492 </subfield></datafield><datafield ind1=" " ind2=" " tag="040"><subfield code="a">MQN</subfield><subfield code="b">eng</subfield><subfield code="c">MQN</subfield><subfield code="d">MXM</subfield><subfield code="d">OCLCQ</subfield><subfield code="d">OCLCF</subfield></datafield><datafield ind1=" " ind2=" " tag="043"><subfield code="a">n-us-mo</subfield></datafield><datafield ind1="0" ind2="0" tag="245"><subfield code="a">Bates County Democrat.</subfield></datafield><datafield ind1=" " ind2=" " tag="260"><subfield code="a">Butler, Mo. :</subfield><subfield code="b">Fealey &amp; Rosser,</subfield><subfield code="c">1869-1973.</subfield></datafield><datafield ind1=" " ind2=" " tag="300"><subfield code="a">v.</subfield></datafield><datafield ind1=" " ind2=" " tag="310"><subfield code="a">Weekly</subfield></datafield><datafield ind1="1" ind2=" " tag="362"><subfield code="a">Began with issue for Dec. 16, 1869.</subfield><subfield code="z">Cf. Centennial ed., Nov. 13, 1969.</subfield></datafield><datafield ind1="0" ind2=" " tag="362"><subfield code="a">-v. 104, no. 12 (Feb. 1, 1973).</subfield></datafield><datafield ind1=" " ind2=" " tag="588"><subfield code="a">Description based on: Vol. 1, no. [3] (Dec. 30, 1869).</subfield></datafield><datafield ind1=" " ind2="0" tag="651"><subfield code="a">Butler (Mo.)</subfield><subfield code="v">Newspapers.</subfield></datafield><datafield ind1=" " ind2="0" tag="651"><subfield code="a">Bates County (Mo.)</subfield><subfield code="v">Newspapers.</subfield></datafield><datafield ind1=" " ind2="7" tag="655"><subfield code="a">Newspapers.</subfield><subfield code="2">fast</subfield><subfield code="0">(OCoLC)fst01423814</subfield></datafield><datafield ind1=" " ind2="7" tag="651"><subfield code="a">Missouri</subfield><subfield code="z">Bates County.</subfield><subfield code="2">fast</subfield><subfield code="0">(OCoLC)fst01213325</subfield></datafield><datafield ind1=" " ind2="7" tag="651"><subfield code="a">Missouri</subfield><subfield code="z">Butler.</subfield><subfield code="2">fast</subfield><subfield code="0">(OCoLC)fst01228060</subfield></datafield><datafield ind1=" " ind2=" " tag="752"><subfield code="a">United States</subfield><subfield code="b">Missouri</subfield><subfield code="c">Bates</subfield><subfield code="d">Butler.</subfield></datafield><datafield ind1="0" ind2=" " tag="775"><subfield code="t">Butler daily Democrat</subfield><subfield code="w">(DLC)sn 86063288</subfield></datafield><datafield ind1="0" ind2="5" tag="780"><subfield code="t">Butler times-press</subfield><subfield code="w">(DLC)sn 89066491</subfield></datafield><datafield ind1="0" ind2="4" tag="785"><subfield code="t">Bates County news headliner</subfield><subfield code="w">(DLC)sn 89066494</subfield></datafield></record>